<record><leader>00000cas a2200000 a 4500</leader><controlfield tag="001">26714284</controlfield><controlfield tag="008">921002d18931uuukyuuu n       0   a0eng d</controlfield><datafield ind1=" " ind2=" " tag="010"><subfield code="a">sn 92056610 </subfield></datafield><datafield ind1=" " ind2=" " tag="040"><subfield code="a">KNP</subfield><subfield code="b">eng</subfield><subfield code="c">KNP</subfield><subfield code="d">OCL</subfield><subfield code="d">OCLCQ</subfield><subfield code="d">KYUBL</subfield><subfield code="d">OCLCQ</subfield><subfield code="d">OCLCO</subfield></datafield><datafield ind1=" " ind2=" " tag="042"><subfield code="a">msc</subfield></datafield><datafield ind1=" " ind2=" " tag="043"><subfield code="a">n-us-ky</subfield></datafield><datafield ind1="0" ind2=" " tag="130"><subfield code="a">Enterprise (Waddy, Ky.)</subfield></datafield><datafield ind1="1" ind2="0" tag="245"><subfield code="a">Enterprise.</subfield></datafield><datafield ind1="1" ind2="3" tag="246"><subfield code="a">Waddy enterprise</subfield></datafield><datafield ind1=" " ind2=" " tag="260"><subfield code="a">Waddy, Ky. :</subfield><subfield code="b">Waddy Print. and Pub. Co.</subfield></datafield><datafield ind1=" " ind2=" " tag="300"><subfield code="a">v. :</subfield><subfield code="b">ill.</subfield></datafield><datafield ind1="1" ind2=" " tag="362"><subfield code="a">Began in 1893?</subfield></datafield><datafield ind1=" " ind2=" " tag="588"><subfield code="a">Description based on: First page of v. 1, no. 44 (Mar. 3, 1894)--reprinted in the July 22, 1992 issue of: Sentinel-News (Shelbyville, Ky.).</subfield></datafield><datafield ind1=" " ind2="0" tag="651"><subfield code="a">Shelby County (Ky.)</subfield><subfield code="v">Newspapers.</subfield></datafield><datafield ind1=" " ind2="0" tag="651"><subfield code="a">Waddy (Ky.)</subfield><subfield code="v">Newspapers.</subfield></datafield><datafield ind1=" " ind2=" " tag="752"><subfield code="a">United States</subfield><subfield code="b">Kentucky</subfield><subfield code="c">Shelby</subfield><subfield code="d">Waddy.</subfield></datafield><datafield ind1="1" ind2=" " tag="787"><subfield code="t">Sentinel-News (Shelbyville, Ky.)</subfield><subfield code="w">(DLC)sn 86069087</subfield><subfield code="w">(OCoLC)13323225</subfield></datafield></record>